@book{knizia2010dice,
  title={Dice Games Properly Explained},
  author={Knizia, Reiner},
  year={1999},
  publisher={Elliot Right-Way Books}
}

@article{neller2004optimal,
  title={Optimal play of the dice game Pig},
  author={Neller, Todd W and Presser, Clifton GM},
  journal={The UMAP Journal},
  volume={25},
  number={1},
  year={2004}
}

@article{neller2010practical,
  title={Practical play of the dice game pig},
  author={Neller, Todd W and Presser, Clifton GM},
  journal={The UMAP Journal},
  volume={31},
  number={1},
  year={2010}
}
